@book{Dumitrica:2010,
  title={Trends in Computational Nanomechanics: Transcending Length and
 Time Scales},
  author={Dumitrica, T.},
  volume={9},
  year={2010},
  publisher={Springer Science \& Business Media}
}

@article{Schelling:2002,
  title={Comparison of atomic-level simulation methods for computing 
thermal conductivity},
  author={Schelling, P.K. and Phillpot, S.R. and Keblinski, P.},
  journal={Physical Review B},
  volume={65},
  number={14},
  pages={144306},
  year={2002},
  publisher={APS}
}

@article{Turney:2009,
  title={Predicting phonon properties and thermal conductivity from anharmonic
 lattice dynamics calculations and molecular dynamics simulations},
  author={Turney, J.E. and Landry, E.S. and McGaughey, A.J.H. and Amon, C.H.},
  journal={Physical Review B},
  volume={79},
  number={6},
  pages={064301},
  year={2009},
  publisher={APS}
}

@article{Zhou:2009,
  title = {Towards more accurate molecular dynamics calculation of thermal
 conductivity: Case study of GaN bulk crystals},
  author = {Zhou, X. W. and Aubry, S. and Jones, R. E. and Greenstein, A. and
             Schelling, P. K.},
  journal = {Phys. Rev. B},
  volume = {79},
  issue = {11},
  pages = {115201},
  numpages = {17},
  year = {2009},
  month = {Mar},
  publisher = {American Physical Society},
}

@article{Landry:2009,
  title={Thermal boundary resistance predictions from molecular dynamics simulations
 and theoretical calculations},
  author={Landry, E.S. and McGaughey, A.J.H.},
  journal={Physical Review B},
  volume={80},
  number={16},
  pages={165304},
  year={2009},
  publisher={APS}
}

@article{Mcgaughey:2006,
  title={Phonon transport in molecular dynamics simulations: Formulation 
and thermal conductivity prediction},
  author={McGaughey, A.J.H. and Kaviany, M.},
  journal={Advances in Heat Transfer},
  volume={39},
  pages={169--255},
  year={2006},
  publisher={Elsevier}
}

@article{Ni:2009,
  title={Thermal transport in polyethylene and at polyethylene--diamond interfaces
 investigated using molecular dynamics simulation},
  author={Ni, B. and Watanabe, T. and Phillpot, S.R.},
  journal={Journal of Physics: Condensed Matter},
  volume={21},
  number={8},
  pages={084219},
  year={2009},
  publisher={IOP Publishing}
}

@article{Shi:2009,
  title={Size dependent thermoelectric properties of silicon nanowires},
  author={Shi, L. and Yao, D. and Zhang, G. and Li, B.},
  journal={Applied Physics Letters},
  volume={95},
  number={6},
  pages={063102},
  year={2009},
  publisher={AIP}
}

@article{Wang:2009,
  title={Thermal conductivity of silicon nanowire by nonequilibrium molecular
 dynamics simulations},
  author={Wang, S.-C. and Liang, X.-G. and Xu, X.-H. and Ohara, T.},
  journal={Journal of Applied Physics},
  volume={105},
  number={1},
  pages={014316},
  year={2009},
  publisher={AIP}
}

@article{Papanikolaou:2008,
  title={Lattice thermal conductivity of SiC nanowires},
  author={Papanikolaou, N.},
  journal={Journal of Physics: Condensed Matter},
  volume={20},
  number={13},
  pages={135201},
  year={2008},
  publisher={IOP Publishing}
}

@article{Evans:2008,
  title={Effect of aggregation and interfacial thermal resistance on thermal conductivity
 of nanocomposites and colloidal nanofluids},
  author={Evans, W. and Prasher, R. and Fish, J. and Meakin, P. and Phelan, P. and
 Keblinski, P.},
  journal={International Journal of Heat and Mass Transfer},
  volume={51},
  number={5-6},
  pages={1431--1438},
  year={2008},
  publisher={Elsevier}
}

@book{Haynes:2014,
  title={CRC handbook of chemistry and physics},
  author={Haynes, W.M.},
  year={2014},
  publisher={CRC press}
}

@article{Shanks:1963,
  title={Thermal conductivity of silicon from 300 to 1400 K},
  author={Shanks, H.R. and Maycock, P.D. and Sidles, P.H. and Danielson, G.C.},
  journal={Physical Review},
  volume={130},
  number={5},
  pages={1743},
  year={1963},
  publisher={APS}
}

@article{Stevens:2007,
  title={Effects of temperature and disorder on thermal boundary conductance at
 solid--solid interfaces: Nonequilibrium molecular dynamics simulations},
  author={Stevens, R.J. and Zhigilei, L.V. and Norris, P.M.},
  journal={International Journal of Heat and Mass Transfer},
  volume={50},
  number={19-20},
  pages={3977--3989},
  year={2007},
  publisher={Elsevier}
}

@article{Stillinger:1985,
  title={Computer simulation of local order in condensed phases of silicon},
  author={Stillinger, F.H. and Weber, T.A.},
  journal={Physical review B},
  volume={31},
  number={8},
  pages={5262},
  year={1985},
  publisher={APS}
}

@article{Rizzi:2012,
  title={Uncertainty quantification in MD simulations. Part I: Forward propagation},
  author={Rizzi, Francesco and Najm, Habib N and Debusschere, Bert J and Sargsyan, Khachik and Salloum, Maher and Adalsteinsson, Helgi and Knio, Omar M},
  journal={Multiscale Modeling \& Simulation},
  volume={10},
  number={4},
  pages={1428--1459},
  year={2012},
  publisher={SIAM}
}

@article{Marepalli:2014,
  title={Quantifying uncertainty in multiscale heat conduction calculations},
  author={Marepalli, P. and Murthy, J.Y. and Qiu, B. and Ruan, X.},
  journal={Journal of Heat Transfer},
  volume={136},
  number={11},
  pages={111301},
  year={2014},
  publisher={American Society of Mechanical Engineers}
}

@article{Jacobson:2014,
  title={How short is too short for the interactions of a water potential? Exploring the parameter space of a coarse-grained water model using uncertainty quantification},
  author={Jacobson, L.C. and Kirby, R.M. and Molinero, V.},
  journal={The Journal of Physical Chemistry B},
  volume={118},
  number={28},
  pages={8190--8202},
  year={2014},
  publisher={ACS Publications}
}
